% This file was created with Citavi 6.2.0.12

@misc{.,
 abstract = {Why a re-introduction? Because JavaScript is notorious for being~the world's most misunderstood programming language. It is often derided as being a toy, but beneath its layer of deceptive simplicity, powerful language features await. JavaScript is now used by an incredible number of high-profile applications, showing that deeper knowledge of this technology is an important skill for any web or mobile developer.},
 title = {A re-introduction to JavaScript (JS tutorial)},
 url = {\url{https://developer.mozilla.org/en-US/docs/Web/JavaScript/A_re-introduction_to_JavaScript}},
 urldate = {04.12.2018}
}


@misc{.b,
 abstract = {A JavaScript library for building user interfaces},
 title = {Tutorial: Intro to React -- React},
 url = {\url{https://reactjs.org/tutorial/tutorial.html}},
 urldate = {04.12.2018}
}


@misc{.28.10.2018,
 abstract = {Fully interactive and accessible React Lifecycle Methods diagram.},
 year = {28.10.2018},
 title = {React Lifecycle Methods diagram},
 url = {\url{http://projects.wojtekmaj.pl/react-lifecycle-methods-diagram/}},
 urldate = {04.12.2018}
}


@misc{Bez.2015,
 abstract = {React ist ein von Facebook entwickeltes JavaScript-Framework, das von einer st{\"a}ndig wachsenden Community gepflegt wird. Wegen der M{\"o}glichkeit, React Views sowohl auf dem Client, als auch auf dem Server zu rendern, erfreut sich das Framework bei vielen Entwicklern gro{\ss}er Beliebtheit.},
 author = {Bez, Roberto},
 year = {2015},
 title = {JavaScript: Einf{\"u}hrung in React},
 url = {\url{https://www.heise.de/developer/artikel/JavaScript-Einfuehrung-in-React-2689175.html?seite=all}},
 keywords = {JavaScript;React},
 urldate = {04.12.2018}
}


@book{Freeman.2018,
 abstract = {Part I - Getting Ready -- 1. Getting Started -- 2. Your First Angular App -- 3. Putting Angular in Context -- 4. HTML and Bootstrap CSS Primer -- 5. JavaScript and TypeScript Primer, Part 1 -- 6. JavaScript and TypeScript Primer, Part 2 -- 7. SportsStore: A Real Application -- 8. SportsStore: Orders and Checkout -- 9. SportsStore: Administration -- 10. SportsStore: Deployment -- Part II - Working with Angular -- 11. Creating an Angular Project -- 12. Using Data Bindings -- 13. Using the Built-In Directives -- 14. Using Events and Forms -- 15. Creating Attribute Directives -- 16. Creating Structural Directives -- 17. Understanding Components -- 18. Using and Creating Pipes -- 19. Using Services -- 20. Using Service Providers -- 21. Using and Creating Modules -- Part III - Advanced Angular Features -- 22. Creating the Example Project -- 23. Using Reactive Extensions -- 24. Making Asynchronous HTTP Requests -- 25. Routing and Navigation, Part 1 -- 26. Routing and Navigation, Part 2 -- 27. Routing and Navigation, Part 3 -- 28. Using Animation -- 29. Angular Unit Testing



Get the most from Angular 6, the leading framework for building dynamic JavaScript applications. Understand the MVC pattern and the benefits it can offer. Best-selling author Adam Freeman shows you how to use Angular in your projects, starting from the nuts and bolts and building up to the most advanced and sophisticated features, going in-depth to give you the knowledge you need. Chapters include common problems and how to avoid them. What You'll Learn: Gain a solid architectural understanding of the MVC Pattern Create rich and dynamic web app clients using Angular 6 Use the ng tools to create and build an Angular project Extend and customize Angular 6 Test your Angular 6 projects What's New in This Edition: Revised for the features and changes in Angular 6 Covers @angular/cli, ng command line tools, and WebPack Includes HttpClient for simplified asynchronous HTTP requests Presents updates to pipes and localized text display},
 author = {Freeman, Adam},
 year = {2018},
 title = {Pro Angular 6},
 url = {\url{http://dx.doi.org/10.1007/978-1-4842-3649-9}},
 address = {Berkeley, CA},
 edition = {3rd ed.},
 publisher = {Apress},
 isbn = {978-1-4842-3649-9},
 doi = {\url{10.1007/978-1-4842-3649-9}}
}


@book{Gackenheimer.2015,
 author = {Gackenheimer, Cory},
 year = {2015},
 title = {Introduction to React},
 url = {\url{http://proquest.tech.safaribooksonline.de/9781484212455}},
 keywords = {JavaScript (Computer program language);Web applications;Web site development;Web-based user interfaces},
 address = {New York, New York},
 publisher = {Apress},
 isbn = {9781484212462},
 series = {The expert's voice in web development}
}


@misc{Google.,
 editor = {Google},
 title = {Attribute Directives},
 url = {\url{https://angular.io/guide/attribute-directives}},
 urldate = {12-12-2018}
}


@misc{Google.b,
 editor = {Google},
 title = {Introduction to components},
 url = {\url{https://angular.io/guide/architecture-components}},
 urldate = {12-13-2018}
}


@misc{Google.c,
 editor = {Google},
 title = {Introduction to modules},
 url = {\url{https://angular.io/guide/architecture-modules}},
 urldate = {12-15-2018}
}


@misc{Google.d,
 editor = {Google},
 title = {Template Syntax},
 url = {\url{https://angular.io/guide/template-syntax}},
 urldate = {12-17-2018}
}


@misc{Hunt.2013,
 author = {Hunt, Pete},
 editor = {{Facebook Inc.}},
 year = {2013},
 title = {Why did we build React?},
 url = {\url{https://reactjs.org/blog/2013/06/05/why-react.html}},
 urldate = {12-05-2018}
}


@misc{Rixecker.,
 author = {Rixecker, Kim},
 title = {JavaScript-Umfrage: Das sind die wichtigsten Frameworks und Tools 2018},
 url = {\url{https://t3n.de/news/javascript-umfrage-das-sind-die-wichtigsten-frameworks-und-tools-2018-1126392/}},
 urldate = {2018/11/26}
}


@book{Stefanov.2017,
 author = {Stefanov, Stoyan},
 year = {2017},
 title = {Durchstarten mit React: Web-Apps einfach und modular entwickeln},
 address = {Heidelberg},
 edition = {1. Auflage},
 publisher = {dpunkt.verlag},
 isbn = {978-3-96009-042-7}
}


@book{Steyer.2017,
 author = {Steyer, Manfred and Schwab, Daniel},
 year = {2017},
 title = {Angular: Das Praxisbuch zu Grundlagen und Best Practices},
 address = {Heidelberg},
 edition = {2},
 publisher = {O'Reilly},
 isbn = {978-3-96009-026-7}
}


@book{Woiwode.2018,
 author = {Woiwode, Gregor and Malcher, Ferdinand and Koppenhagen, Danny and Hoppe, Johannes},
 year = {2018},
 title = {Angular: Grundlagen, fortgeschrittene Techniken und Best Practices mit TypeScript - ab Angular 4, inklusive NativeScript und Redux},
 address = {Heidelberg},
 edition = {1., korrigierter Nachdruck},
 publisher = {dpunkt.verlag},
 isbn = {9783864903571},
 series = {ix edition}
}


